@book{patterson2013computer,
  title={Computer Organization and Design MIPS Edition},
  author={David A. Patterson, John L. Hennessy},
  publisher = {Morgan Kaufmann},
  year={2013},
  edition = {5}
}

@book{newton2016principia,
  title={Philosophiae Naturalis Principia Mathematica},
  author={Isaac Newton},
  year={1687},
  publisher={Jussu Societatis Regiae ac Typis Josephi Streater}
}