@article{1,
  title={Random Forests},
  author={L. Breiman},
  year={2001},
  journal={Machine Learning}
}

@article{2,
  title={Learning nonlinear functions using regularized greedy forest},
  author={T. Zhang, R. Johnson},
  year={2014},
  journal={IEEE Transactions on Pattern Analysis and Machine Intelligence}
}

